<record><leader>00000cas a22000007a 4500</leader><controlfield tag="001">14867162</controlfield><controlfield tag="008">861124d19411966aluwr ne      0    0eng d</controlfield><datafield ind1=" " ind2=" " tag="010"><subfield code="a">sn 86050441 </subfield></datafield><datafield ind1=" " ind2=" " tag="040"><subfield code="a">AAR</subfield><subfield code="b">eng</subfield><subfield code="c">AAR</subfield><subfield code="d">CPN</subfield><subfield code="d">OCLCQ</subfield></datafield><datafield ind1=" " ind2=" " tag="042"><subfield code="a">msc</subfield></datafield><datafield ind1="0" ind2=" " tag="130"><subfield code="a">Tri-state news (Slocomb, Ala.)</subfield></datafield><datafield ind1="1" ind2="4" tag="245"><subfield code="a">The Tri-state news.</subfield></datafield><datafield ind1="1" ind2="3" tag="246"><subfield code="a">Tri-state news and the Slocomb news and the Southeast Alabamian</subfield></datafield><datafield ind1=" " ind2=" " tag="260"><subfield code="a">Slocomb, Ala. :</subfield><subfield code="b">Lawrence Coe,</subfield><subfield code="c">1941-1966.</subfield></datafield><datafield ind1=" " ind2=" " tag="300"><subfield code="a">v.</subfield></datafield><datafield ind1=" " ind2=" " tag="310"><subfield code="a">Weekly</subfield></datafield><datafield ind1="0" ind2=" " tag="362"><subfield code="a">Vol. 41, no. 28 (Oct. 31, 1941)-v. 65, no. 30 (Feb. 4, 1966).</subfield></datafield><datafield ind1=" " ind2=" " tag="500"><subfield code="a">Published in Dothan, Ala., Nov. 21, 1941-Feb. 4, 1966.</subfield></datafield><datafield ind1=" " ind2=" " tag="500"><subfield code="a">For a short period, published as: Tri-state news and the Slocomb news and the Southeast Alabamian.</subfield></datafield><datafield ind1=" " ind2=" " tag="752"><subfield code="a">United States</subfield><subfield code="b">Alabama</subfield><subfield code="c">Geneva</subfield><subfield code="d">Slocomb.</subfield></datafield><datafield ind1=" " ind2=" " tag="752"><subfield code="a">United States</subfield><subfield code="b">Alabama</subfield><subfield code="c">Houston</subfield><subfield code="d">Dothan.</subfield></datafield><datafield ind1="0" ind2="4" tag="780"><subfield code="t">Slocomb news</subfield><subfield code="w">(DLC)sn 86050300</subfield></datafield><datafield ind1="0" ind2="4" tag="780"><subfield code="t">Southeast Alabamian</subfield></datafield></record>